@misc{arxivIltisLearning,
	author = {},
	title = {{I}ltis: {L}earning {L}ogic in the {W}eb --- arxiv.org},
	howpublished = {\url{https://arxiv.org/abs/2105.05763}},
	year = {},
	note = {[Accessed 13-11-2024]},
}

@misc{arxiv,
	author = {},
	title = {arxiv.org},
	howpublished = {\url{https://arxiv.org/pdf/1804.03579}},
	year = {},
	note = {[Accessed 13-11-2024]},
}

@misc{iltis,
	author = {},
	title = {},
	howpublished = {\url{https://iltis.cs.tu-dortmund.de/Logic-WiSe2022-external/en/}},
	year = {},
	note = {[Accessed 13-11-2024]},
}

@misc{logic4fun,
	author = {},
	title = {},
	howpublished = {\url{https://users.cecs.anu.edu.au/~jks/papers/L4F.pdf}},
	year = {},
	note = {[Accessed 13-11-2024]},
}