@misc{vaibhav_gamification,
  author = {Vaibhav, Anant and Gupta, Pooja},
  title = {Gamification of MOOCs for Increasing User Engagement},
  urldate = {2025-01-13}
}

@misc{geck_iltis,
  author = {Geck, Gaetano and Quenkert, Christine and Schmellenkamp, Marko and Schmidt, Jonas and Tschirbs, Felix and Vehlken, Fabian and Zeume, Thomas},
  title = {Iltis: Learning Logic in the Web},
  urldate = {2024-11-15}
}

@article{geck_2018_introduction,
  author = {Geck, Gaetano and Ljulin, Artur and Peter, Sebastian and Schmidt, Jonas and Vehlken, Fabian and Zeume, Thomas},
  month = {07},
  pages = {141-146},
  publisher = {ACM},
  title = {Introduction to Iltis: an interactive, web-based system for teaching logic},
  doi = {10.1145/3197091.3197095},
  urldate = {2024-11-15},
  year = {2018},
  journal = {Proceedings of the 23rd Annual ACM Conference on Innovation and Technology in Computer Science Education}
}

@misc{slaney_logic,
  author = {Slaney, John},
  title = {Logic for Fun: an online tool for logical modelling},
  urldate = {2024-11-20}
}

@misc{groza_minefol,
  author = {Groza, Adrian and Baltatescu, Maria and Pomarlan, Mihai},
  title = {MineFOL: a Game for Learning First Order Logic},
  urldate = {2025-01-13}
}

@article{lodder_2020_generation,
  author = {Lodder, Josje and Heeren, Bastiaan and Jeuring, Johan and Neijenhuis, Wendy},
  month = {11},
  pages = {99-133},
  publisher = {Springer Science and Business Media LLC},
  title = {Generation and Use of Hints and Feedback in a Hilbert-Style Axiomatic Proof Tutor},
  doi = {10.1007/s40593-020-00222-2},
  urldate = {2024-12-01},
  volume = {31},
  year = {2020},
  journal = {International Journal of Artificial Intelligence in Education}
}

@misc{bolotov_2005_automated,
  author = {Bolotov, Alexander and Gorchakov, Alexander and Shangin, Vasilyi and Bocharov, Vyacheslav},
  title = {Automated First Order Natural Deduction. Automated First Order Natural Deduction},
  urldate = {2024-12-12},
  year = {2005}
}

@misc{hedman_2004_a,
  author = {Hedman, Shawn},
  title = {A First Course in Logic},
  urldate = {2025-01-13},
  year = {2004}
}

@misc{gouveia_lgica,
  author = {Gouveia, Paula and Dionísio, F},
  title = {Lógica Computacional Capítulo 1 -Lógica Proposicional},
  urldate = {2025-01-13}
}

@misc{huth_2004_logic,
  author = {Huth, Michael and Ryan, Mark},
  title = {Logic in Computer Science},
  urldate = {2024-10-25},
  year = {2004}
}

@misc{vaibhav_gamification,
  author = {Vaibhav, Anant and Gupta, Pooja},
  title = {Gamification of MOOCs for increasing user engagement},
  urldate = {2025-01}
}

@misc{geck_iltis,
  author = {Geck, Gaetano and Quenkert, Christine and Schmellenkamp, Marko and Schmidt, Jonas and Tschirbs, Felix and Vehlken, Fabian and Zeume, Thomas},
  title = {Iltis: Learning logic in the web},
  urldate = {2024-11}
}

@misc{slaney_logic,
  author = {Slaney, John},
  title = {Logic for Fun: an online tool for logical modelling},
  urldate = {2024-11}
}

@misc{groza_minefol,
  author = {Groza, Adrian and Baltatescu, Maria and Pomarlan, Mihai},
  title = {MineFOL: a game for learning first order logic},
  urldate = {2025-01}
}

@article{lodder_2020_generation,
  author = {Lodder, Josje and Heeren, Bastiaan and Jeuring, Johan and Neijenhuis, Wendy},
  month = {11},
  pages = {99-133},
  publisher = {Springer Science and Business Media LLC},
  title = {Generation and use of hints and feedback in a hilbert-style axiomatic proof tutor},
  doi = {10.1007/s40593-020-00222-2},
  urldate = {2024-12},
  volume = {31},
  year = {2020},
  journal = {International Journal of Artificial Intelligence in Education}
}

@misc{bolotov_2005_automated,
  author = {Bolotov, Alexander and Gorchakov, Alexander and Shangin, Vasilyi and Bocharov, Vyacheslav},
  title = {Automated first order natural deduction. Automated first order natural deduction},
  urldate = {2024-12},
  year = {2005}
}

@misc{hedman_2004_a,
  author = {Hedman, Shawn},
  title = {A first course in logic},
  urldate = {2024-10},
  year = {2004}
}

@misc{gouveia_lgica,
  author = {Gouveia, Paula and Dionísio, F},
  title = {Lógica computacional capítulo 1 -Lógica proposicional},
  urldate = {2024-10}
}

@misc{huth_2004_logic,
  author = {Huth, Michael and Ryan, Mark},
  title = {Logic in computer science},
  urldate = {2024-10},
  year = {2004}
}

@article{andersschlichtkrull_2015_formalization,
  author = {Anders Schlichtkrull},
  month = {01},
  pages = {188-190},
  title = {Formalization of Algorithms and Logical Inference Systems in Proof Assistants},
  doi = {10.3233/978-1-61499-589-0-188},
  url = {https://www.semanticscholar.org/paper/Formalization-of-Algorithms-and-Logical-Inference-Schlichtkrull/86a3bb90de4bfb3eff46ef3dd86967f869d53d9d},
  urldate = {2025-01-19},
  year = {2015},
  journal = {Scandinavian Conference on AI}
}

@misc{blanchette_automatic,
  author = {Blanchette, Jasmin and Bulwahn, Lukas and Nipkow, Tobias},
  title = {Automatic Proof and Disproof in Isabelle/HOL},
  urldate = {2025-01-20}
}

@misc{wenzel_the,
  author = {Wenzel, Makarius and Paulson, Lawrence and Nipkow, Tobias},
  title = {The Isabelle Framework},
  urldate = {2025-01-20}
}

@article{turing_1936_on,
  author = {Turing, A. M.},
  pages = {230-265},
  title = {On Computable Numbers, with an Application to the Entscheidungsproblem},
  doi = {10.1112/plms/s2-42.1.230},
  url = {https://academic.oup.com/plms/article-abstract/s2-42/1/230/1491926/},
  volume = {s2-42},
  year = {1936},
  journal = {Proceedings of the London Mathematical Society}
}

@misc{programming,
  title = {Programming Language and Theorem Prover — Lean},
  url = {https://lean-lang.org/},
  organization = {lean-lang.org}
}

@misc{leanprovercommunity_2021_github,
  author = {leanprover-community},
  title = {GitHub - leanprover-community/aesop: White-box automation for Lean 4},
  url = {https://github.com/leanprover-community/aesop},
  urldate = {2025-01-20},
  year = {2021},
  organization = {GitHub}
}

@misc{bruce_panel,
  author = {Bruce, Kim and Kolaitis, Phokion and Leivant, Daniel and Vardi, Moshe},
  title = {Panel: Logic in the Computer Science Curriculum},
  urldate = {2025-01-22}
}

@article{alhazzani_2020_moocs,
  author = {Alhazzani, Noura},
  pages = {100030},
  publisher = {Elsevier BV},
  title = {MOOC's impact on higher education},
  doi = {10.1016/j.ssaho.2020.100030},
  urldate = {2025-01-22},
  year = {2020},
}

@misc{evmorfiairobartzia_2023_proof,
  author = {Evmorfia-Iro Bartzia and Meyer, Antoine and Julien Narboux},
  title = {Proof assistants for undergraduate mathematics and computer science education: elements of a priori analysis},
  url = {https://www.semanticscholar.org/paper/Proof-assistants-for-undergraduate-mathematics-and-Bartzia-Meyer/caeca647fd9b051fabb186b42853d1bd50d6e6f8},
  urldate = {2025-01-30},
  year = {2023}
}

@misc{kircher_2025_the,
  author = {Kircher, Michael and Jain, Prashant},
  title = {The Three-Tier Architecture Pattern Language Design Fest},
  url = {https://www.semanticscholar.org/paper/The-Three-Tier-Architecture-Pattern-Language-Design-Kircher-Jain/861943e9e8da9799cba4819242a6e566c7b2e545},
  urldate = {2025-02-01},
  year = {2025},
  organization = {European Conference on Pattern Languages of Programs}
}

@article{gyordi_2016_a,
  author = {Gyorödi, Cornelia and Gyorödi, Robert and Andrada, Ioana and Bandici, Livia},
  title = {A Comparative Study Between the Capabilities of MySQl  Vs. MongoDB as a Back-End for an Online Platform},
  doi = {10.14569/ijacsa.2016.071111},
  urldate = {2020-01-05},
  volume = {7},
  year = {2016},
  journal = {International Journal of Advanced Computer Science and Applications}
}

@article{wali_2019_rapid,
  author = {Wali, Ravichandra and Kumar M, Prof. Suresh},
  month = {05},
  pages = {104-107},
  title = {Rapid Web Application Development Using Spring Framework: A Case Study},
  doi = {10.21276/ijircst.2019.7.3.14},
  urldate = {2019-12-09},
  volume = {7},
  year = {2019},
  journal = {International Journal of Innovative Research in Computer Science & Technology}
}

@article{daruprasetyawan_2024_pengembangan,
  author = {Daru Prasetyawan and Prihanto Dwi Rahmanto},
  month = {09},
  pages = {283-295},
  title = {Pengembangan Sistem Seleksi Proposal Penelitian Berbasis Web Service Menggunakan REST API},
  doi = {10.35746/jtim.v6i3.585},
  url = {https://www.semanticscholar.org/paper/Pengembangan-Sistem-Seleksi-Proposal-Penelitian-Web-Prasetyawan-Rahmanto/8cb517bd00601010363665ebdb9c4812f8e762bf},
  urldate = {2025-02-01},
  volume = {6},
  year = {2024},
  journal = {JTIM Jurnal Teknologi Informasi dan Multimedia}
}

@article{madsen_a,
  author = {Madsen, Magnus and Lhoták, Ondřej and Tip, Frank},
  title = {A Semantics for the Essence of React},
  doi = {10.4230/LIPIcs.ECOOP.2020.12},
  url = {https://par.nsf.gov/servlets/purl/10157540},
  urldate = {2024-06-10},
  journal = {}
}

@article{freeman_2019_using,
  author = {Freeman, Adam},
  month = {01},
  pages = {531-559},
  title = {Using a Redux Data Store},
  doi = {10.1007/978-1-4842-4451-7_19},
  url = {https://www.semanticscholar.org/paper/Using-a-Redux-Data-Store-Freeman/a71757fd3479d0303b4cfd08a88b1d58abaff291},
  urldate = {2025-02-01},
  year = {2019},
  journal = {Apress eBooks}
}

@article{afroozeh_2015_one,
  author = {Afroozeh, Ali and Izmaylova, Anastasia},
  month = {10},
  pages = {151-170},
  publisher = {Centre National de la Recherche Scientifique},
  title = {One parser to rule them all},
  doi = {10.1145/2814228.2814242},
  url = {https://www.semanticscholar.org/paper/One-parser-to-rule-them-all-Afroozeh-Izmaylova/2d53b8d70a84af406f3048d1af6c3f492479801e},
  urldate = {2025-02-01},
  year = {2015},
  journal = {HAL (Le Centre pour la Communication Scientifique Directe)}
}

@misc{junit_2018_junit,
  author = {JUnit},
  title = {JUnit 5},
  url = {https://junit.org/junit5/},
  year = {2018},
  organization = {Junit.org}
}